<record><leader>00000cas a22000007a 4500</leader><controlfield tag="001">18510465</controlfield><controlfield tag="008">880921d19231923nduzx ne      0    0eng d</controlfield><datafield ind1=" " ind2=" " tag="010"><subfield code="a">sn 88076673 </subfield></datafield><datafield ind1=" " ind2=" " tag="040"><subfield code="a">NOP</subfield><subfield code="b">eng</subfield><subfield code="c">NOP</subfield><subfield code="d">OCLCQ</subfield></datafield><datafield ind1=" " ind2=" " tag="042"><subfield code="a">msc</subfield></datafield><datafield ind1="0" ind2="4" tag="245"><subfield code="a">The Sheyenne blizzard.</subfield></datafield><datafield ind1=" " ind2=" " tag="250"><subfield code="a">Skiddo Ed.</subfield></datafield><datafield ind1=" " ind2=" " tag="260"><subfield code="a">Sheyenne, N.D. :</subfield><subfield code="b">Caroline Waters</subfield></datafield><datafield ind1=" " ind2=" " tag="300"><subfield code="a">1 v. :</subfield><subfield code="b">ill. ;</subfield><subfield code="c">52 cm.</subfield></datafield><datafield ind1=" " ind2=" " tag="310"><subfield code="a">Single issue</subfield></datafield><datafield ind1="1" ind2=" " tag="362"><subfield code="a">Began and ceased with vol. 23, no. 23 (Jan. 23, 1907).</subfield></datafield><datafield ind1=" " ind2=" " tag="530"><subfield code="a">Available on microfilm from the State Historical Society of North Dakota.</subfield></datafield><datafield ind1=" " ind2=" " tag="752"><subfield code="a">United States</subfield><subfield code="b">North Dakota</subfield><subfield code="c">Eddy</subfield><subfield code="d">Sheyenne.</subfield></datafield></record>